<record><leader>00000cas a22000007a 4500</leader><controlfield tag="001">14204562</controlfield><controlfield tag="008">860911d19061923pauwr ne      0    0eng d</controlfield><datafield ind1=" " ind2=" " tag="010"><subfield code="a">sn 86081794 </subfield></datafield><datafield ind1=" " ind2=" " tag="040"><subfield code="a">NPH</subfield><subfield code="b">eng</subfield><subfield code="c">NPH</subfield><subfield code="d">OCLCQ</subfield></datafield><datafield ind1=" " ind2=" " tag="042"><subfield code="a">msc</subfield></datafield><datafield ind1="0" ind2="0" tag="245"><subfield code="a">Gazette and herald.</subfield></datafield><datafield ind1=" " ind2=" " tag="260"><subfield code="a">Dushore, Sullivan County, Pa. :</subfield><subfield code="b">George Streby and J.G. Scouton,</subfield><subfield code="c">1906-1923.</subfield></datafield><datafield ind1=" " ind2=" " tag="300"><subfield code="a">18 v. :</subfield><subfield code="b">ill. ;</subfield><subfield code="c">66 cm.</subfield></datafield><datafield ind1=" " ind2=" " tag="310"><subfield code="a">Weekly</subfield></datafield><datafield ind1="0" ind2=" " tag="362"><subfield code="a">Vol. 20, no. 3 (Feb. 21, 1906)-v. 37, no. 11 (Mar. 14, 1923).</subfield></datafield><datafield ind1=" " ind2=" " tag="752"><subfield code="a">United States</subfield><subfield code="b">Pennsylvania</subfield><subfield code="c">Sullivan</subfield><subfield code="d">Dushore.</subfield></datafield><datafield ind1="0" ind2="4" tag="780"><subfield code="t">Sullivan gazette</subfield><subfield code="w">(DLC)sn 86081792</subfield></datafield><datafield ind1="0" ind2="4" tag="780"><subfield code="t">Sullivan County herald (Dushore, Pa.)</subfield><subfield code="w">(DLC)sn 86081793</subfield></datafield><datafield ind1="0" ind2="7" tag="785"><subfield code="t">Sullivan review (Dushore, Pa. : 1878)</subfield><subfield code="w">(DLC)sn 86081951</subfield></datafield><datafield ind1="0" ind2="7" tag="785"><subfield code="t">Sullivan review with which is consolidated the gazette and herald</subfield><subfield code="w">(DLC)sn 86081952</subfield></datafield></record>